<?xml version="1.0" encoding="UTF-8"?><record xmlns="http://www.loc.gov/MARC21/slim" xmlns:cinclude="http://apache.org/cocoon/include/1.0" xmlns:zs="http://www.loc.gov/zing/srw/">
  <leader>00432nz  a2200121n  4500</leader>
  <controlfield tag="001">n 2001084629</controlfield>
  <controlfield tag="003">DLC</controlfield>
  <controlfield tag="005">20010806102910.0</controlfield>
  <controlfield tag="008">010806n| acannaabn          |n aaa      </controlfield>
  <datafield tag="010" ind1=" " ind2=" ">
    <subfield code="a">n 2001084629</subfield>
  </datafield>
  <datafield tag="040" ind1=" " ind2=" ">
    <subfield code="a">DLC</subfield>
    <subfield code="b">eng</subfield>
    <subfield code="c">DLC</subfield>
  </datafield>
  <datafield tag="100" ind1="1" ind2=" ">
    <subfield code="a">LondonĚo, Noel,</subfield>
    <subfield code="d">1949-</subfield>
  </datafield>
  <datafield tag="670" ind1=" " ind2=" ">
    <subfield code="a">Escritos y la espiritualidad de San Gerardo Mayella. English. Saint Gerard Majella, C. Ss. R., 2002:</subfield>
    <subfield code="b">CIP t.p. (Noel LondonĚo, C. Ss. R.) data sheet (b. June 8, 1949)</subfield>
  </datafield>
</record>